<?xml version="1.0" encoding="UTF-8"?>
<record xmlns="http://www.loc.gov/MARC21/slim">
   <leader>02522cam a2200421 a 4500</leader>
   <controlfield tag="001">2841331</controlfield>
   <controlfield tag="003">NjP</controlfield>
   <controlfield tag="005">20190705145020.0</controlfield>
   <controlfield tag="008">000301m18689999mr            000 0 ara d</controlfield>
   <datafield tag="024" ind1="7" ind2=" ">
      <subfield code="a">princeton_aco003989</subfield>
      <subfield code="2">local</subfield>
   </datafield>
   <datafield ind1=" " ind2=" " tag="040">
      <subfield code="a">NjP</subfield>
      <subfield code="c">PUL</subfield>
      <subfield code="d">PUL</subfield>
   </datafield>
   <datafield ind1=" " ind2=" " tag="035">
      <subfield code="9">CNS4497TS</subfield>
   </datafield>
   <datafield ind1=" " ind2=" " tag="035">
      <subfield code="a">(NjP)2841331</subfield>
   </datafield>
   <datafield ind1=" " ind2=" " tag="049">
      <subfield code="a">PULL</subfield>
   </datafield>
   <datafield ind1=" " ind2=" " tag="035">
      <subfield code="a">(OCoLC)ocm78313937</subfield>
   </datafield>
   <datafield ind1="1" ind2=" " tag="100">
      <subfield code="6">880-01</subfield>
      <subfield code="a">Kharshī, Muḥammad ibn ʻAbd Allāh,</subfield>
      <subfield code="d">1601 or 1602-1689 or 1690.</subfield>
      <subfield code="0">http://id.loc.gov/authorities/names/nr93046729</subfield>
   </datafield>
   <datafield ind1="1" ind2="0" tag="240">
      <subfield code="6">880-02</subfield>
      <subfield code="a">Sharḥ al-Khirshī ʻalá Mukhtaṣar Khalīl</subfield>
   </datafield>
   <datafield ind1="1" ind2="3" tag="245">
      <subfield code="6">880-03</subfield>
      <subfield code="a">al-Juzʼ al-awwal[-al-suds al-thānī] min Sharḥ al-ʻallāmah Sayyidī Muḥammad al-Khirshī ʻalá Mukhtaṣar al-Shaykh al-Imām ... Abī al-Ḍiyāʼ Khalīl ibn Isḥāq ibn Yaʻqūb al-Mālikī</subfield>
   </datafield>
   <datafield ind1="3" ind2="0" tag="246">
      <subfield code="6">880-04</subfield>
      <subfield code="a">Sharḥ al-ʻallāmah Sayyidī Muḥammad al-Khirshī ʻalá Mukhtaṣar al-Shaykh al-Imām ... Abī al-Ḍiyāʼ Khalīl ibn Isḥāq ibn Yaʻqūb al-Mālikī.</subfield>
   </datafield>
   <datafield ind1="3" ind2="0" tag="246">
      <subfield code="6">880-05</subfield>
      <subfield code="a">Sharḥ al-Khirshī ʻalá Mukhtaṣar Khalīl</subfield>
   </datafield>
   <datafield ind1=" " ind2=" " tag="260">
      <subfield code="6">880-06</subfield>
      <subfield code="a">Fās :</subfield>
      <subfield code="b">al-Maṭbaʻah al-ʻĀmirah,</subfield>
      <subfield code="c">1285- [1868- ]</subfield>
   </datafield>
   <datafield ind1=" " ind2=" " tag="300">
      <subfield code="a">v. ;</subfield>
      <subfield code="c">31 cm.</subfield>
   </datafield>
   <datafield ind1="0" ind2="0" tag="600">
      <subfield code="6">880-07</subfield>
      <subfield code="a">Khalīl ibn Isḥāq al-Jundī,</subfield>
      <subfield code="d">-1365?</subfield>
      <subfield code="t">Mukhtaṣar.</subfield>
   </datafield>
   <datafield ind1=" " ind2="0" tag="650">
      <subfield code="a">Islamic law</subfield>
      <subfield code="v">Early works to 1800.</subfield>
      <subfield code="0">http://id.loc.gov/authorities/subjects/sh2008104963</subfield>
   </datafield>
   <datafield ind1=" " ind2="0" tag="650">
      <subfield code="a">Malikites</subfield>
      <subfield code="v">Early works to 1800.</subfield>
      <subfield code="0">http://id.loc.gov/authorities/subjects/sh2008107241</subfield>
   </datafield>
   <datafield ind1=" " ind2="7" tag="655">
      <subfield code="a">Liʹthographs</subfield>
      <subfield code="z">Morocco</subfield>
      <subfield code="y">1868</subfield>
      <subfield code="2">gmgpc</subfield>
   </datafield>
   <datafield ind1=" " ind2="7" tag="655">
      <subfield code="a">Lithographs</subfield>
      <subfield code="z">Morocco</subfield>
      <subfield code="y">1868</subfield>
      <subfield code="2">gmgpc</subfield>
   </datafield>
   <datafield ind1="1" ind2=" " tag="880">
      <subfield code="6">100-01/r</subfield>
      <subfield code="a">خرشي، محمد بن عبد الله،</subfield>
      <subfield code="d">1601 or 1602-1689 or 1690.</subfield>
   </datafield>
   <datafield ind1="1" ind2="0" tag="880">
      <subfield code="6">240-02/r</subfield>
      <subfield code="a">شرح الخرشي على مختصر خليل</subfield>
   </datafield>
   <datafield ind1="1" ind2="2" tag="880">
      <subfield code="6">245-03/r</subfield>
      <subfield code="a">الجزء الاول[السدس الثاني] من شرح العلامة سيدي محمد الخرشي على مختصر الشيخ الامام ... ابي الضياء خليل بن اسحاق بن يعقوب المالكي</subfield>
   </datafield>
   <datafield ind1="3" ind2="0" tag="880">
      <subfield code="6">246-04/r</subfield>
      <subfield code="a">شرح العلامة سيدي محمد الخرشي على مختصر الشيخ الامام ... ابي الضياء خليل بن اسحاق بن يعقوب المالكي.</subfield>
   </datafield>
   <datafield ind1="3" ind2="0" tag="880">
      <subfield code="6">246-05/r</subfield>
      <subfield code="a">شرح الخرشي على مختصر خليل</subfield>
   </datafield>
   <datafield ind1=" " ind2=" " tag="880">
      <subfield code="6">260-06/r</subfield>
      <subfield code="a">فاس :</subfield>
      <subfield code="b">المطبعة العامرة،</subfield>
      <subfield code="c">1285- [1868- ]</subfield>
   </datafield>
   <datafield ind1="0" ind2="4" tag="880">
      <subfield code="6">600-07/r</subfield>
      <subfield code="a">خليل بن اسحاق الجندي،</subfield>
      <subfield code="d">-1365?</subfield>
      <subfield code="t">مختصر.</subfield>
   </datafield>
   <datafield ind1=" " ind2=" " tag="948">
      <subfield code="a">jeb</subfield>
   </datafield>
   <datafield ind1=" " ind2=" " tag="911">
      <subfield code="a">20000301</subfield>
   </datafield>
   <datafield ind1=" " ind2=" " tag="912">
      <subfield code="a">20000301043341.0</subfield>
   </datafield>
   <datafield ind1=" " ind2=" " tag="994">
      <subfield code="a">C0</subfield>
      <subfield code="b">PUL</subfield>
   </datafield>
   <datafield ind1=" " ind2=" " tag="999">
      <subfield code="a">2841331</subfield>
   </datafield>
   <datafield ind1=" " ind2=" " tag="979">
      <subfield code="a">(OCoLC)ocn178195654</subfield>
   </datafield>
   <datafield ind1="0" ind2="1" tag="852">
      <subfield code="0">3154004</subfield>
      <subfield code="b">rcppa</subfield>
      <subfield code="t">1</subfield>
      <subfield code="c">Oversize</subfield>
      <subfield code="h">KBP320.K43</subfield>
      <subfield code="i">A36 1868q</subfield>
      <subfield code="x">tr fr nec</subfield>
   </datafield>
   <datafield ind1=" " ind2="0" tag="866">
      <subfield code="0">3154004</subfield>
      <subfield code="a">Juzʾ 1-suds 2</subfield>
   </datafield>
   <datafield ind1=" " ind2="0" tag="866">
      <subfield code="0">3154004</subfield>
      <subfield code="x">juz' 1 missing at the time of transfer to recap aj</subfield>
   </datafield>
   <datafield ind1=" " ind2="0" tag="866">
      <subfield code="0">3154004</subfield>
      <subfield code="x">DESIGNATOR: juzʾ</subfield>
   </datafield>
   <datafield ind1=" " ind2=" " tag="959">
      <subfield code="a">2000-06-13 00:00:00 -0400</subfield>
   </datafield>
</record>
